<?xml version="1.0" encoding="UTF-8"?><record xmlns="http://www.loc.gov/MARC21/slim" xmlns:cinclude="http://apache.org/cocoon/include/1.0" xmlns:zs="http://www.loc.gov/zing/srw/">
  <leader>00407nz  a2200133n  4500</leader>
  <controlfield tag="001">no2001092375</controlfield>
  <controlfield tag="003">DLC</controlfield>
  <controlfield tag="005">20011121063551.0</controlfield>
  <controlfield tag="008">011120n| acannaabn          |n aaa     c</controlfield>
  <datafield tag="010" ind1=" " ind2=" ">
    <subfield code="a">no2001092375</subfield>
  </datafield>
  <datafield tag="035" ind1=" " ind2=" ">
    <subfield code="a">(OCoLC)oca05630202</subfield>
  </datafield>
  <datafield tag="040" ind1=" " ind2=" ">
    <subfield code="a">KyU-M</subfield>
    <subfield code="b">eng</subfield>
    <subfield code="c">KyU-M</subfield>
  </datafield>
  <datafield tag="100" ind1="1" ind2=" ">
    <subfield code="a">Gross, Jan Coleman,</subfield>
    <subfield code="d">1953-</subfield>
  </datafield>
  <datafield tag="670" ind1=" " ind2=" ">
    <subfield code="a">Factors in urinary incontinence after stroke, 1999:</subfield>
    <subfield code="b">t.p. (Jan Coleman Gross) vita (b. Oct. 1, 1953)</subfield>
  </datafield>
</record>